@inproceedings{chu74:VKKL74,
  author   = {A.E. Chudakov},
  crossref = {VKKL72},
  pages    = "69--72",
  title  = {A possible method to detect {EAS} by the {Cherenkov} radiation reflected from the snowy ground surface. (In Russian)}
}

@proceedings{VKKL72,
 title= {Experimental methods of studying cosmic rays of superhigh energies: Proc. All-Union Symposium},
 booktitle = {Experimental methods of studying cosmic rays of superhigh energies: Proc. All-Union Symposium},
 venue  = {Yakutsk, USSR},
 year   = {1972},
 volume = {620},
}

@article{Ant15a,
  title   = "Detection of Reflected Cherenkov Light from Extensive Air Showers in the SPHERE Experiment as a Method of Studying Superhigh Energy Cosmic Rays",
  journal = "Phys. Part. Nucl.",
  volume  = "46",
  pages   = "60--93",
  year    = "2015",
  doi = "10.1134/S1063779615010025",
  author  = "R. A. Antonov and T. V. Aulova and E. A. Bonvech and D. V. Chernov and T. A. Dzhatdoev and M. Finger and V. I. Galkin and D. A. Podgrudkov and T. M. Roganova."
}

@article{Ant19,
title = "Spatial and temporal structure of EAS reflected Cherenkov light signal",
journal = "Astroparticle Physics",
volume = "108",
pages = "24 - 39",
year = "2019",
doi = "10.1016/j.astropartphys.2019.01.002",
//url = "http://www.sciencedirect.com/science/article/pii/S0927650517303201",
author = "R.A. Antonov and E.A. Bonvech and D.V. Chernov and T.A. Dzhatdoev and V.I. Galkin and D.A. Podgrudkov and T.M. Roganova",
keywords = "Primary cosmic rays, Extensive air showers, Cherenkov light"
}

@article{Ant20,
title = {{The SPHERE-2 detector for observation of extensive air showers in 1 PeV -- 1 EeV energy range}},
journal = "Astroparticle Physics",
volume = "121",
pages = "102460",
year = "2020",
doi = "10.1016/j.astropartphys.2020.102460",
author = "R.A. Antonov and E.A. Bonvech and D.V. Chernov and T.A. Dzhatdoev and M. Finger and M. Finger and D.A. Podgrudkov and T.M. Roganova and A.V. Shirokov and I.A. Vaiman",
}

@article{Gal11,
 author = "V. Galkin and T. Dzhatdoev",
 title = "Classifying groups of PCR nuclei with energies of 1015–1016 eV according to the spatial-angular distribution of EAS Cherenkov light",
 journal = "Bulletin of the Russian Academy of Sciences: Physics",
 year = "2011",
 volume = "75", 
 issue = "3",
 pages = "338–341",
 doi = "10.3103/S1062873811030166"
}




@article{Budnev2013,
  doi = {10.1016/j.astropartphys.2013.09.006},
  url = {https://doi.org/10.1016/j.astropartphys.2013.09.006},
  year = {2013},
  month = dec,
  publisher = {Elsevier {BV}},
  volume = {50-52},
  pages = {18--25},
  author = {N. Budnev and D. Chernov and O. Gress and E. Korosteleva and L. Kuzmichev and B. Lubsandorzhiev and G. Navarra and L. Pankov and V. Prosin and Yu. Semeney and C. Spiering and R. Wischnewski and I. Yashin},
  title = {Tunka-25 Air Shower Cherenkov array: The main results},
  journal = {Astroparticle Physics}
}

@article{Gal18a,
 author = "V. Galkin and A. Borisov and R. Bakhromzod and V. Batraev and S. Latipova and A. Muqumov",
 title = "A Method for Estimation of the Parameters of the Primary Particle of an Extensive Air Shower by a High-Altitude Detector",
 journal = "Moscow University Physics Bulletin",
 year = "2018",
 volume = "73", 
 issue = "2",
 pages = "179",
 doi = "10.3103/S0027134918020078"
}

@article{Warren1982,
  doi = {10.1029/rg020i001p00067},
  url = {https://doi.org/10.1029/rg020i001p00067},
  year = {1982},
  publisher = {American Geophysical Union ({AGU})},
  volume = {20},
  number = {1},
  pages = {67},
  author = {Stephen G. Warren},
  title = {Optical properties of snow},
  journal = {Reviews of Geophysics}
}

@article{Berezhnev2012,
  doi = {10.1016/j.nima.2011.12.091},
  url = {https://doi.org/10.1016/j.nima.2011.12.091},
  year = {2012},
  month = nov,
  publisher = {Elsevier {BV}},
  volume = {692},
  pages = {98--105},
  author = {S.F. Berezhnev and D. Besson and N.M. Budnev and A. Chiavassa and O.A. Chvalaev and O.A. Gress and A.N. Dyachok and S.N. Epimakhov and A. Haungs and N.I. Karpov and N.N. Kalmykov and E.N. Konstantinov and A.V. Korobchenko and E.E. Korosteleva and V.A. Kozhin and L.A. Kuzmichev and B.K. Lubsandorzhiev and N.B. Lubsandorzhiev and R.R. Mirgazov and M.I. Panasyuk and L.V. Pankov and E.G. Popova and V.V. Prosin and V.S. Ptuskin and Yu.A. Semeney and B.A. Shaibonov and A.A. Silaev and A.A. Silaev and A.V. Skurikhin and J. Snyder and C. Spiering and F.G. Schr\"{o}der and M. Stockham and L.G. Sveshnikova and R. Wischnewski and I.V. Yashin and A.V. Zagorodnikov},
  title = {The Tunka-133 {EAS} Cherenkov light array: Status of 2011},
  journal = {Nuclear Instruments and Methods in Physics Research Section A: Accelerators,  Spectrometers,  Detectors and Associated Equipment}
}

@article{Bernlhr2000,
  doi = {10.1016/s0927-6505(99)00093-6},
  url = {https://doi.org/10.1016/s0927-6505(99)00093-6},
  year = {2000},
  month = jan,
  publisher = {Elsevier {BV}},
  volume = {12},
  number = {4},
  pages = {255--268},
  author = {Konrad Bernl\"{o}hr},
  title = {Impact of atmospheric parameters on the atmospheric Cherenkov technique},
  journal = {Astroparticle Physics}
}


@BOOK{CORSIKA,
    author = {{Heck}, D. and {Knapp}, J. and {Capdevielle}, J.~N. and {Schatz}, G. and {Thouw}, T.},
    title = "{CORSIKA: a Monte Carlo code to simulate extensive air showers.}",
    year = 1998,
    publisher={FZK},
    adsurl = {https://ui.adsabs.harvard.edu/abs/1998cmcc.book.....H},
    adsnote = {Provided by the SAO/NASA Astrophysics Data System}
}


